@inproceedings{deterding2011game,
  title={From game design elements to gamefulness: defining gamification},
  author={Deterding, Sebastian and Dixon, Dan and Khaled, Rilla and Nacke, Lennart},
  booktitle={Proceedings of the 15th international academic MindTrek conference: Envisioning future media environments},
  pages={9--15},
  year={2011},
  organization={ACM}
}
@misc{johan1950homo,
  title={Homo ludens: A study of the play element in culture},
  author={Johan, Huizinga},
  year={1950},
  publisher={Boston: Beacon Press}
}
@article{hintzman1974theoretical,
  title={Theoretical implications of the spacing effect.},
  author={Hintzman, Douglas L},
  year={1974},
  publisher={Lawrence Erlbaum}
}

